@article{gavalas2014mobile,
  title={Mobile recommender systems in tourism},
  author={Gavalas, Damianos and Konstantopoulos, Charalampos and Mastakas, Konstantinos and Pantziou, Grammati},
  journal={Journal of network and computer applications},
  volume={39},
  pages={319--333},
  year={2014},
  publisher={Elsevier}
}
@article{vansteenwegen2007mobile,
  title={The mobile tourist guide: an OR opportunity},
  author={Vansteenwegen, Pieter and Van Oudheusden, Dirk},
  journal={OR insight},
  volume={20},
  number={3},
  pages={21--27},
  year={2007},
  publisher={Taylor \& Francis}
}
@article{laporte1992traveling,
  title={The traveling salesman problem: An overview of exact and approximate algorithms},
  author={Laporte, Gilbert},
  journal={European Journal of Operational Research},
  volume={59},
  number={2},
  pages={231--247},
  year={1992},
  publisher={Elsevier}
}
@book{cormen2022introduction,
  title={Introduction to algorithms},
  author={Cormen, Thomas H and Leiserson, Charles E and Rivest, Ronald L and Stein, Clifford},
  year={2022},
  publisher={MIT press}
}
@book{applegate2006traveling,
  title={The traveling salesman problem: a computational study},
  author={Applegate, David L},
  volume={17},
  year={2006},
  publisher={Princeton university press}
}
@article{bektas2006multiple,
  title={The multiple traveling salesman problem: an overview of formulations and solution procedures},
  author={Bektas, Tolga},
  journal={omega},
  volume={34},
  number={3},
  pages={209--219},
  year={2006},
  publisher={Elsevier}
}
@article{jain1999data,
  title={Data clustering: a review},
  author={Jain, Anil K and Murty, M Narasimha and Flynn, Patrick J},
  journal={ACM computing surveys (CSUR)},
  volume={31},
  number={3},
  pages={264--323},
  year={1999},
  publisher={Acm New York, NY, USA}
}
@article{hartigan1979algorithm,
  title={Algorithm AS 136: A k-means clustering algorithm},
  author={Hartigan, John A and Wong, Manchek A},
  journal={Journal of the royal statistical society. series c (applied statistics)},
  volume={28},
  number={1},
  pages={100--108},
  year={1979},
  publisher={JSTOR}
}
@inproceedings{syswerda1989uniform,
  title={Uniform crossover in genetic algorithms.},
  author={Syswerda, Gilbert and others},
  booktitle={ICGA},
  volume={3},
  number={2--9},
  year={1989}
}